<record><leader>02431cam a2200565 a 4500</leader><controlfield tag="001">6752485</controlfield><controlfield tag="003">OCoLC</controlfield><controlfield tag="005">20150629071417.9</controlfield><controlfield tag="006">m     o  d        </controlfield><controlfield tag="007">cr cn|||||||||</controlfield><controlfield tag="008">141121s2015    maua    ob    001 0 eng d</controlfield><datafield ind1=" " ind2=" " tag="020"><subfield code="a">9780080878195</subfield></datafield><datafield ind1=" " ind2=" " tag="020"><subfield code="a">0080878199</subfield></datafield><datafield ind1=" " ind2=" " tag="020"><subfield code="z">9781856175586</subfield></datafield><datafield ind1=" " ind2=" " tag="020"><subfield code="a">1856175588</subfield></datafield><datafield ind1=" " ind2=" " tag="020"><subfield code="a">9781856175586</subfield></datafield><datafield ind1=" " ind2=" " tag="035"><subfield code="a">ocn896723268</subfield></datafield><datafield ind1=" " ind2=" " tag="037"><subfield code="a">CL0500000504</subfield><subfield code="b">Safari Books Online</subfield></datafield><datafield ind1=" " ind2=" " tag="039"><subfield code="a">exclude</subfield></datafield><datafield ind1=" " ind2=" " tag="040"><subfield code="a">UMI</subfield><subfield code="c">UMI</subfield><subfield code="d">YDXCP</subfield><subfield code="d">UIU</subfield><subfield code="d">COO</subfield><subfield code="d">DEBBG</subfield><subfield code="d">AEU</subfield></datafield><datafield ind1="0" ind2="4" tag="082"><subfield code="a">363.738/27</subfield><subfield code="2">23</subfield></datafield><datafield ind1=" " ind2=" " tag="090"><subfield code="a">Internet Access</subfield><subfield code="b">AEGMCT</subfield></datafield><datafield ind1=" " ind2=" " tag="090"><subfield code="a">Internet Access</subfield><subfield code="b">AEU</subfield></datafield><datafield ind1="1" ind2=" " tag="100"><subfield code="a">Speight, James G.</subfield></datafield><datafield ind1="1" ind2="0" tag="245"><subfield code="a">Handbook of offshore oil and gas operations</subfield><subfield code="h">[electronic resource] /</subfield><subfield code="c">James G. Speight.</subfield></datafield><datafield ind1=" " ind2=" " tag="250"><subfield code="a">1st ed.</subfield></datafield><datafield ind1=" " ind2=" " tag="260"><subfield code="a">Waltham, MA :</subfield><subfield code="b">Gulf Professional Pub.,</subfield><subfield code="c">2015.</subfield></datafield><datafield ind1=" " ind2=" " tag="300"><subfield code="a">1 online resource.</subfield></datafield><datafield ind1=" " ind2=" " tag="336"><subfield code="a">text</subfield><subfield code="2">rdacontent</subfield></datafield><datafield ind1=" " ind2=" " tag="337"><subfield code="a">computer</subfield><subfield code="2">rdamedia</subfield></datafield><datafield ind1=" " ind2=" " tag="338"><subfield code="a">online resource</subfield><subfield code="2">rdacarrier</subfield></datafield><datafield ind1=" " ind2=" " tag="504"><subfield code="a">Includes bibliographical references and index.</subfield></datafield><datafield ind1=" " ind2=" " tag="506"><subfield code="a">Access restricted to authorized users and institutions.</subfield></datafield><datafield ind1=" " ind2=" " tag="588"><subfield code="a">Description based on online resource; title from title page (Safari, viewed Nov. 18, 2014).</subfield></datafield><datafield ind1=" " ind2=" " tag="596"><subfield code="a">44 57</subfield></datafield><datafield ind1=" " ind2="0" tag="650"><subfield code="a">Offshore oil well drilling.</subfield></datafield><datafield ind1=" " ind2="0" tag="650"><subfield code="a">Petroleum</subfield><subfield code="x">Transportation.</subfield></datafield><datafield ind1=" " ind2="0" tag="650"><subfield code="a">Petroleum pipelines</subfield><subfield code="x">Maintenance and repair.</subfield></datafield><datafield ind1=" " ind2="0" tag="650"><subfield code="a">Oil spills</subfield><subfield code="x">Prevention.</subfield></datafield><datafield ind1=" " ind2="0" tag="650"><subfield code="a">Gas well drilling.</subfield></datafield><datafield ind1=" " ind2="0" tag="650"><subfield code="a">Gas well drilling</subfield><subfield code="x">Environmental aspects.</subfield></datafield><datafield ind1=" " ind2="0" tag="650"><subfield code="a">Natural gas</subfield><subfield code="x">Transportation.</subfield></datafield><datafield ind1=" " ind2="0" tag="650"><subfield code="a">Natural gas pipelines</subfield><subfield code="x">Maintenance and repair.</subfield></datafield><datafield ind1="4" ind2="0" tag="856"><subfield code="3">MacEwan University Access</subfield><subfield code="u">http://www.sciencedirect.com/science/book/9781856175586</subfield><subfield code="z">(Unlimited Concurrent Users)</subfield></datafield><datafield ind1="4" ind2="0" tag="856"><subfield code="3">University of Alberta Access</subfield><subfield code="u">http://proquest.safaribooksonline.com/?uiCode=ualberta&amp;xmlId=9781856175586</subfield></datafield><datafield ind1="4" ind2="0" tag="856"><subfield code="3">University of Alberta Access</subfield><subfield code="u">http://www.sciencedirect.com/science/book/9781856175586</subfield><subfield code="z">(Unlimited Concurrent Users)</subfield></datafield><datafield ind1=" " ind2=" " tag="949"><subfield code="h">UAIN</subfield><subfield code="m">GR_MAC_INT</subfield><subfield code="z">SCIDIRCOGM</subfield></datafield><datafield ind1=" " ind2=" " tag="926"><subfield code="a">Internet Access</subfield><subfield code="w">LC</subfield><subfield code="c">1</subfield><subfield code="i">6752485-1001</subfield><subfield code="l">INTERNET</subfield><subfield code="m">UAINTERNET</subfield><subfield code="r">Y</subfield><subfield code="s">Y</subfield><subfield code="t">E-RESOURCE</subfield><subfield code="u">12/3/2014</subfield><subfield code="x">E-BOOK</subfield><subfield code="z">SAFARI</subfield></datafield><datafield ind1=" " ind2=" " tag="926"><subfield code="a">Internet Access</subfield><subfield code="w">LC</subfield><subfield code="c">2</subfield><subfield code="i">6752485-1002</subfield><subfield code="l">INTERNET</subfield><subfield code="m">UAINTERNET</subfield><subfield code="r">Y</subfield><subfield code="s">Y</subfield><subfield code="t">E-RESOURCE</subfield><subfield code="u">7/13/2015</subfield><subfield code="x">E-BOOK</subfield><subfield code="z">SCIDIRECT</subfield></datafield><datafield ind1=" " ind2=" " tag="926"><subfield code="a">Internet Access</subfield><subfield code="w">LC</subfield><subfield code="c">2</subfield><subfield code="i">6752485-2002</subfield><subfield code="l">INTERNET</subfield><subfield code="m">GR_MAC_INT</subfield><subfield code="r">Y</subfield><subfield code="s">Y</subfield><subfield code="t">E-RESOURCE</subfield><subfield code="u">7/9/2015</subfield><subfield code="x">E-BOOK</subfield><subfield code="z">SCIDIRCOGM</subfield></datafield></record>